<?xml version="1.0" encoding="UTF-8"?><collection xmlns="http://www.loc.gov/MARC21/slim"><record><leader>00544nam--2200193-u-4500</leader><controlfield tag="001">000053451</controlfield><controlfield tag="002">20161230</controlfield><controlfield tag="005">20161230201051</controlfield><controlfield tag="008">110405s1000------------r-----000-0-eng-d</controlfield><datafield ind1=" " ind2=" " tag="020"><subfield code="a">3527403922</subfield></datafield><datafield ind1=" " ind2=" " tag="040"><subfield code="a">IFIN-HH</subfield></datafield><datafield ind1=" " ind2=" " tag="080"><subfield code="a">082.2(539.12:530.14:531.5)</subfield></datafield><datafield ind1="1" ind2=" " tag="100"><subfield code="a">Papenfus, D</subfield></datafield><datafield ind1="1" ind2="0" tag="245"><subfield code="a">100 years werner heisenberg</subfield><subfield code="b">Works and impact</subfield><subfield code="c">D.PAPENFUS; D. LUST; W.P. SCHLEICH (eds.)</subfield></datafield><datafield ind1=" " ind2=" " tag="260"><subfield code="a">Weinheim</subfield><subfield code="b">Wiley-vch Verlag</subfield><subfield code="c">2002</subfield></datafield><datafield ind1=" " ind2=" " tag="300"><subfield code="a">299p</subfield></datafield><datafield ind1="1" ind2=" " tag="700"><subfield code="a">Schleich, W.P</subfield><subfield code="e">ed</subfield></datafield><datafield ind1=" " ind2=" " tag="852"><subfield code="a">81664</subfield><subfield code="c">92</subfield></datafield><datafield ind1=" " ind2=" " tag="CAT"><subfield code="a">Sys</subfield><subfield code="c">20110405</subfield><subfield code="h">130727</subfield></datafield></record></collection>